@misc{ddosattacknews,
  author        = {Derek Kortepeter},
  title         = {DESTRUCTIVE DDOS ATTACKS INCREASING AT A RAPID RATE},
  howpublished  = "\url{http://techgenix.com/ddos-attacks-increasing/}",
  month         = {December},
  year          = {2017},
  institution   = {TechGenix},
  note          = "[Online; accessed 22-August-2017]"
}
@misc{cisconetflow,
  author        = {Cisco},
  title         = {Introduction to Cisco IOS NetFlow},
  howpublished  = "\url{https://www.cisco.com/c/en/us/products/collateral/ios-nx-os-software/ios-netflow/prod_white_paper0900aecd80406232.html}",
  month         = {May},
  year          = {2012},
  institution   = {Cisco},
  note          = "[Online; accessed 22-August-2017]"
}
@misc{sflow,
  author        = {sFlow},
  title         = {Using sFlow},
  howpublished  = "\url{http://www.sflow.org/using_sflow/index.php}",
  note          = "[Online; accessed 16-November-2017]"
}
@misc{routingtablesize,
  author        = {Omar Santos},
  title         = {The Size of the Internet Global Routing Table and Its Potential Side Effects},
  howpublished  = "\url{https://supportforums.cisco.com/t5/network-infrastructure-documents/the-size-of-the-internet-global-routing-table-and-its-potential/ta-p/3136453}",
  month         = {May},
  year          = {2014},
  institution   = {Cisco},
  note          = "[Online; accessed 22-August-2017]"
}
@misc{swithcrouter,
  author        = {Cisco},
  title         = {What Is a Network Switch vs. a Router?},
  howpublished  = "\url{https://www.cisco.com/c/en/us/solutions/small-business/resource-center/connect-employees-offices/network-switch-what.html}",
  note          = "[Online; accessed 16-November-2017]"
}
@misc{icmp,
  author        = {Network Working Group},
  title         = {ICMP},
  howpublished  = "\url{https://tools.ietf.org/html/rfc792}",
  month         = {Septmber},
  year          = {1981},
  institution   = {Internet Engineering Task Force (IETF)},
  note          = "[Online; accessed 16-November-2017]"
}
@misc{networkdatapacket,
  author        = {HowStuffWorks},
  title         = {What is a packet?},
  howpublished  = "\url{https://computer.howstuffworks.com/question525.htm}",
  note          = "[Online; accessed 20-January-2018]"
}
@Book{bot,
 author         = {Ken Dunham and Jim Melnick},
 title          = {Malicious Bots: An Inside Look into the Cyber-Criminal Underground of the Internet},
 chapter        = {Chapter 1, Introduction to Bots},
 publisher      = {CRC Press},
 month          = {August},
 year           = {2008}
}
@misc{networkTrafficFlow,
  author        = {Network Working Group },
  title         = {Traffic Flow Measurement: Architecture},
  howpublished  = "\url{https://www.ietf.org/rfc/rfc2722.txt}",
  month         = {October},
  year          = {1999}
}
@Book{clusterning,
  author        = {Jure Leskovec, Anand Rajaraman, Jeffrey D. Ullman},
  title         = {Mining of Massive Datasets},
  chapter       = {Clutering},
  publisher     = {Stanford University},
  year          = {2014}
}
